@MISC{CamaraNeto2011,
  author = {Vilar {da Camara Neto}},
  title = {A classe ppgccufmg},
  url = {http://vilarneto.com/ppgccufmg},
  year = {2011}
}

@MISC{Moro2012,
  author = {Mirella Moura Moro},
  title = {Como organizar sua tese ou dissertação},
  url = {http://homepages.dcc.ufmg.br/~mirella/pdf/monografia.pdf},
  year = {2012}
}

@MANUAL{SisbiUnipampa2011,
	title = {Manual de normalização de trabalhos acadêmicos: conforme normas da ABNT},
	editor = {Cátia Rosana Lemos de Ara\'ujo and Cristiane Pereira Macie and Dilva Carvalho Marques},
	organization = {Sistema de Bibliotecas da Universidade Federal do Pampa -- UNIPAMPA},
	year = {2011},
	url = {http://porteiras.r.unipampa.edu.br/portais/sisbi/files/2012/09/MANUAL-vers%C3%A3o2011.pdf}
}
